<<<<<<< HEAD
@Article{blei2003latent,
    author = {Blei, D.M. and Ng, A.Y. and Jordan, M.I.}
    title = {Latent dirichlet allocation}
    journal = "The Journal of Machine Learning Research"
    year = {2003}
    pages = {3:993-1022}

}

@Article{farrahi2008daily,
    author = "K. Farrahi and D. Gatica-Perez"
    title = {Daily routine classification from mobile phone data}
    journal = "Machine Learning for Multimodal Interaction" 
    year = {2008}
    pages = {173-184}
}


@Article{van2010activity,
    author = "T.L.M. van Kasteren and G. Englebienne and B.J.A. Kr{\"o}se"
    title = {Activity recognition using semi-markov models on real world smart home datasets}
    journal = "Journal of ambient intelligence and smart environments"
    year = {2010}
    pages = {2(3):311--325}
}

=======
@article{van2010activity,
  title={Activity recognition using semi-markov models on real world smart home datasets},
  author={van Kasteren, TLM and Englebienne, Gwenn and Kr{\"o}se, BJA},
  journal={Journal of ambient intelligence and smart environments},
  volume={2},
  number={3},
  pages={311--325},
  year={2010},
  publisher={IOS Press}
}

@article{blei2003latent,
  title={Latent dirichlet allocation},
  author={Blei, David M and Ng, Andrew Y and Jordan, Michael I},
  journal={the Journal of machine Learning research},
  volume={3},
  pages={993--1022},
  year={2003},
  publisher={JMLR. org}
}

@article{farrahi2008daily,
  title={Daily routine classification from mobile phone data},
  author={Farrahi, Katayoun and Gatica-Perez, Daniel},
  journal={Machine Learning for Multimodal Interaction},
  pages={173--184},
  year={2008},
  publisher={Springer}
}
>>>>>>> 79ed1ce42428486b062c91215863d306b7119715
